
@Article{	  asner1998biophysical,
  title		= {Biophysical and biochemical sources of variability in
		  canopy reflectance},
  author	= {Asner, Gregory P},
  journal	= {Remote sensing of Environment},
  volume	= {64},
  number	= {3},
  pages		= {234--253},
  year		= {1998},
  publisher	= {Elsevier}
}
@article{jagalingam2015bathymetry,
  title={Bathymetry Mapping Using Landsat 8 Satellite Imagery},
  author={Jagalingam, P and Akshaya, BJ and Hegde, Arkal Vittal},
  journal={Procedia Engineering},
  volume={116},
  pages={560--566},
  year={2015},
  publisher={Elsevier}
}
@misc{munroe2006xkcd,
  title={xkcd: Exercise},
  author={Munroe, Randall},
  year={2006}
}

@Article{	  baig2014derivation,
  title		= {Derivation of a tasselled cap transformation based on
		  Landsat 8 at-satellite reflectance},
  author	= {Baig, Muhammad Hasan Ali and Zhang, Lifu and Shuai, Tong
		  and Tong, Qingxi},
  journal	= {Remote Sensing Letters},
  volume	= {5},
  number	= {5},
  pages		= {423--431},
  year		= {2014},
  publisher	= {Taylor \& Francis}
}

@Misc{		  blackpercent,
  title		= {Berkeley Lab Heat Island Group}
}

@Misc{		  clark2007usgs,
  title		= {USGS digital spectral library splib06a},
  author	= {Clark, Roger Nelson and Swayze, Gregg A and Wise, Richard
		  and Livo, K Eric and Hoefen, Todd M and Kokaly, Raymond F
		  and Sutley, Stephen J},
  year		= {2007},
  publisher	= {US Geological Survey Reston, VA}
}

@Book{		  congalton2008assessing,
  title		= {Assessing the accuracy of remotely sensed data: principles
		  and practices},
  author	= {Congalton, Russell G and Green, Kass},
  year		= {2008},
  publisher	= {CRC press}
}


@Article{	  de2010spatio,
  title		= {Spatio-temporal statistical methods for modelling land
		  surface phenology},
  author	= {de Beurs, Kirsten M and Henebry, Geoffrey M},
  booktitle	= {Phenological research},
  pages		= {177--208},
  year		= {2010},
  publisher	= {Springer}
}

@Article{	  gitelson1996signature,
  title		= {Signature analysis of leaf reflectance spectra: algorithm
		  development for remote sensing of chlorophyll},
  author	= {Gitelson, Anatoly A and Merzlyak, Mark N},
  journal	= {Journal of plant physiology},
  volume	= {148},
  number	= {3},
  pages		= {494--500},
  year		= {1996},
  publisher	= {Elsevier}
}

@Book{		  jensen2007remote,
  title		= {Remote sensing of the environment. an earth resource
		  perspective.},
  author	= {Jensen, John R},
  journal	= {Prentice Hall series in geographic information science.},
  year		= {2007},
  publisher	= {Upper Saddle River, New Jersey. Prentice-Hall}
}

@Article{	  key2006landscape,
  title		= {Landscape assessment (LA)},
  author	= {Key, Carl H and Benson, Nathan C},
  journal	= {FIREMON: Fire effects monitoring and inventory system.
		  Gen. Tech. Rep. RMRS-GTR-164-CD, Fort Collins, CO: US
		  Department of Agriculture, Forest Service, Rocky Mountain
		  Research Station},
  year		= {2006}
}

@Article{	  landis1977measurement,
  title		= {The measurement of observer agreement for categorical
		  data},
  author	= {Landis, J Richard and Koch, Gary G},
  journal	= {biometrics},
  pages		= {159--174},
  year		= {1977},
  publisher	= {JSTOR}
}

@Misc{		  landsat8,
  title		= {Landsat 8-OLI},
  author	= {{U.S. Geological Service}},
  year		= {2016}
}

@Book{		  liang2005quantitative,
  title		= {Quantitative remote sensing of land surfaces},
  author	= {Liang, Shunlin},
  volume	= {30},
  year		= {2005},
  publisher	= {John Wiley \& Sons}
}

@Book{		  liou2002introduction,
  title		= {An introduction to atmospheric radiation},
  author	= {Liou, Kuo-Nan},
  volume	= {84},
  year		= {2002},
  publisher	= {Academic press}
}

@Article{	  lutes2006firemon,
  title		= {FIREMON: Fire effects monitoring and inventory system},
  author	= {Lutes, Duncan C and Keane, Robert E and Caratti, John F
		  and Key, Carl H and Benson, Nathan C and Sutherland, Steve
		  and Gangi, Larry J},
  year		= {2006}
}

@Article{	  olofsson2014good,
  title		= {Good practices for estimating area and assessing accuracy
		  of land change},
  author	= {Olofsson, Pontus and Foody, Giles M and Herold, Martin and
		  Stehman, Stephen V and Woodcock, Curtis E and Wulder,
		  Michael A},
  journal	= {Remote Sensing of Environment},
  volume	= {148},
  pages		= {42--57},
  year		= {2014},
  publisher	= {Elsevier}
}

@Book{		  richards2013remote,
  title		= {Remote Sensing Digital Image Analysis},
  author	= {Richards, John A},
  year		= {2013},
  publisher	= {Springer}
}

@Book{		  sabins2007remote,
  title		= {Remote sensing: principles and applications},
  author	= {Sabins, Floyd F},
  year		= {2007},
  publisher	= {Waveland Press}
}

@Article{	  sarma2001landuse,
  title		= {Landuse/Landcover change detection through remote sensing
		  and its climatic implications in the godavari delta
		  region},
  author	= {Sarma, VVLN and Krishna, G Murali and Malini, B Hema and
		  Rao, K Nageswara},
  journal	= {Journal of the Indian Society of Remote Sensing},
  volume	= {29},
  number	= {1-2},
  pages		= {85--91},
  year		= {2001},
  publisher	= {Springer}
}

@Misc{		  sopi,
  author	= {{Comisi\'on Nacional de Actividades Espaciales}},
  title		= {SoPI: Software de Procesamiento de Im\'agenes},
  howpublished	= {\url{http://sopi.conae.gov.ar}},
  year		= {2015}
}

@Misc{		  spot5,
  title		= {SPOT 5},
  author	= {{Comisi\'on Nacional de Actividades Espaciales}},
  year		= {2016}
}

@TechReport{	  surface2015,
  title		= {Provisional Landsat 8 Surface Reflectance Product},
  institution	= {U.S. Geological System},
  year		= 2015,
  month		= 12,
  note		= {Version 1.8}
}

@MastersThesis{	  triangulo,
  author	= {Leandro Pellini},
  title		= {Biorremediación estimulada por efluentes cloacales
		  tratados de suelos contaminados con hidrocarburos.},
  school	= {UN COMAHUE},
  year		= 2006
}

@Article{	  tucker1979red,
  title		= {Red and photographic infrared linear combinations for
		  monitoring vegetation},
  author	= {Tucker, Compton J},
  journal	= {Remote sensing of Environment},
  volume	= {8},
  number	= {2},
  pages		= {127--150},
  year		= {1979},
  publisher	= {Elsevier}
}

@Book{		  unsalan2012two,
  title		= {Two-Dimensional Change Detection Methods: Remote Sensing
		  Applications},
  author	= {{\"U}nsalan, Cem and others},
  year		= {2012},
  publisher	= {Springer Science \& Business Media}
}

@Article{	  vermote49atmospheric,
  title		= {Atmospheric correction algorithm: spectral reflectances
		  (MOD09). http:/modarch. gsfc. nasa. gov},
  author	= {Vermote, EF and Vermenlen, A},
  journal	= {MODIS/ATBD/atbd\_mod08. pdf},
  volume	= {49}
}



@Misc{  grass,
  author	= "Hüni, Andreas and Kneubühler, Mathias",
  title		= "Introduction to BRDF effects",
  year		= "2008",
  howpublished	= {\url{http://www.geo.uzh.ch/en/units/rsl/research/spectroscopy-spectrolab/research-fields/spectrodirectional-data-analysis/brdf-effects/}},
  note		= "[Internet; descargado 1-Septiembre-2016]"
}

@article{barsi2014spectral,
  title={The spectral response of the Landsat-8 operational land imager},
  author={Barsi, Julia A and Lee, Kenton and Kvaran, Geir and Markham, Brian L and Pedelty, Jeffrey A},
  journal={Remote Sensing},
  volume={6},
  number={10},
  pages={10232--10251},
  year={2014},
  publisher={Multidisciplinary Digital Publishing Institute}
}

@techreport{clark2014passive,
  title={Passive optical detection of a vibrating surface},
  author={Clark, Frank O and Penny, Ryan and Pereira, Wellesley and Kielkopf, John and Cline, Jason},
  year={2014},
  institution={SPECTRAL SCIENCES INC BURLINGTON MA}
}

@Unpublished{	  wave,
  author	= {Wolfgang Wagner},
  institution	= {Vienna University of Technology},
  title		= {A Short Introduction to Microwave Remote Sensing of the
		  Land Surface}
}

@Misc{  RGBillumination,
  author	= "Wikipedia",
  title		= "RGB illumination",
  year		= "2007",
  howpublished	= {\url{https://commons.wikimedia.org/wiki/File:RGB_illumination.jpg}},
  note		= "[Internet; descargado 1-Septiembre-2016]"
}

@Misc{  solar_spectrum,
  author	= "Wikipedia",
  title		= "Solar Spectrum",
  year		= "2007",
  howpublished	= {\url{https://commons.wikimedia.org/wiki/File:Solar_Spectrum.png}},
  note		= "[Internet; descargado 1-Septiembre-2016]"
}

@Misc{  spectrum,
  author	= "Wikipedia",
  title		= "Espectro Electromagnético",
  year		= "2007",
  howpublished	= {\url{https://commons.wikimedia.org/wiki/File:EM_spectrum.svg}},
  note		= "[Internet; descargado 1-Septiembre-2016]"
}

@Misc{  snow,
  author	= "Farooq, S.",
  title		= "Spectral Reflectance of Land Covers",
  howpublished	= {\url{http://www.geol-amu.org/notes/m1r-1-8.htmg}},
  note		= "[Internet; descargado 1-Septiembre-2016]"
}

@Misc{		  inversesquare,
  author	= "Wikipedia",
  title		= "Inverse square law",
  year		= "2008",
  howpublished	= {\url{https://commons.wikimedia.org/wiki/File:Inverse_square_law.svg}},
  note		= "[Internet; descargado 1-Septiembre-2016]"
}

@Misc{		  wiki:onda,
  author	= "Wikipedia",
  title		= "Onda electromagnética",
  year		= "2007",
  howpublished	= {\url{https://en.wikipedia.org/wiki/File:Onde_electromagnetique.svg}},
  note		= "[Internet; descargado 1-Septiembre-2016]"
}

@Misc{		  wiki:inc,
  author	= "Wikipedia",
  title		= "Incendios forestales de Córdoba de 2013 --- Wikipedia{,}
		  La enciclopedia libre",
  year		= "2014",
  howpublished	= {\url{https://es.wikipedia.org/w/index.php?title=Incendios_forestales_de_C\%C3\%B3rdoba_de_2013&oldid=72474223}},
  note		= "[Internet; descargado 19-febrero-2016]"
}
